%YAML 1.1
%TAG !u! tag:unity3d.com,2011:
--- !u!91 &9100000
AnimatorController:
  m_ObjectHideFlags: 0
  m_PrefabParentObject: {fileID: 0}
  m_PrefabInternal: {fileID: 0}
  m_Name: PickUp1
  serializedVersion: 2
  m_AnimatorParameters:
  - m_Name: LocalizationID
    m_Type: 3
    m_DefaultFloat: 0
    m_DefaultInt: 0
    m_DefaultBool: 0
    m_Controller: {fileID: 9100000}
  m_AnimatorLayers:
  - serializedVersion: 3
    m_Name: Base Layer
    m_StateMachine: {fileID: 110700000}
    m_Mask: {fileID: 0}
    m_BlendingMode: 0
    m_SyncedLayerIndex: -1
    m_StateMachineMotionSetIndex: 0
    m_DefaultWeight: 0
    m_IKPass: 0
    m_SyncedLayerAffectsTiming: 0
    m_Controller: {fileID: 9100000}
--- !u!1101 &110104990
Transition:
  serializedVersion: 2
  m_ObjectHideFlags: 3
  m_PrefabParentObject: {fileID: 0}
  m_PrefabInternal: {fileID: 0}
  m_Name: 
  m_SrcState: {fileID: 110231590}
  m_DstState: {fileID: 110200000}
  m_TransitionDuration: 0
  m_TransitionOffset: .0662790909
  m_Conditions:
  - m_ConditionMode: 6
    m_ConditionEvent: LocalizationID
    m_EventTreshold: 0
    m_ExitTime: 0
  m_Atomic: 1
  m_Solo: 0
  m_Mute: 0
  m_CanTransitionToSelf: 0
--- !u!1101 &110193262
Transition:
  serializedVersion: 2
  m_ObjectHideFlags: 3
  m_PrefabParentObject: {fileID: 0}
  m_PrefabInternal: {fileID: 0}
  m_Name: 
  m_SrcState: {fileID: 110200000}
  m_DstState: {fileID: 110231590}
  m_TransitionDuration: 0
  m_TransitionOffset: 0
  m_Conditions:
  - m_ConditionMode: 6
    m_ConditionEvent: LocalizationID
    m_EventTreshold: 1
    m_ExitTime: 0
  m_Atomic: 1
  m_Solo: 0
  m_Mute: 0
  m_CanTransitionToSelf: 0
--- !u!1102 &110200000
State:
  m_ObjectHideFlags: 3
  m_PrefabParentObject: {fileID: 0}
  m_PrefabInternal: {fileID: 0}
  m_Name: PickupAnim
  m_Speed: 1
  m_CycleOffset: 0
  m_Motions:
  - {fileID: 7400000, guid: 041751f2c42227f439b34f3b7ed116db, type: 2}
  m_ParentStateMachine: {fileID: 110700000}
  m_Position: {x: 48, y: 60, z: 0}
  m_IKOnFeet: 0
  m_Mirror: 0
  m_Tag: 
--- !u!1102 &110231590
State:
  m_ObjectHideFlags: 3
  m_PrefabParentObject: {fileID: 0}
  m_PrefabInternal: {fileID: 0}
  m_Name: PickupAnim_zh
  m_Speed: 1
  m_CycleOffset: 0
  m_Motions:
  - {fileID: 7400000, guid: 300ff215b5552ff4ebda9aefbc606549, type: 2}
  m_ParentStateMachine: {fileID: 110700000}
  m_Position: {x: 312, y: 36, z: 0}
  m_IKOnFeet: 0
  m_Mirror: 0
  m_Tag: 
--- !u!1107 &110700000
StateMachine:
  serializedVersion: 2
  m_ObjectHideFlags: 3
  m_PrefabParentObject: {fileID: 0}
  m_PrefabInternal: {fileID: 0}
  m_Name: Base Layer
  m_DefaultState: {fileID: 110231590}
  m_States:
  - {fileID: 110200000}
  - {fileID: 110231590}
  m_ChildStateMachine: []
  m_ChildStateMachinePosition: []
  m_OrderedTransitions:
    data:
      first: {fileID: 110231590}
      second:
      - {fileID: 110104990}
    data:
      first: {fileID: 110200000}
      second:
      - {fileID: 110193262}
  m_MotionSetCount: 1
  m_AnyStatePosition: {x: 50, y: 20, z: 0}
  m_ParentStateMachinePosition: {x: 800, y: 20, z: 0}
